@book{rulicki2012cnv,
  title={CNV comunicaci{\'o}n no-verbal: c{\'o}mo la inteligencia emocional se expresa a tr{\'a}ves de los gestos},
  author={Rulicki, S. and Cherny, M.},
  isbn={9789506414979},
  series={Management (Granica).: Comunicaci{\'o}n},
  url={https://books.google.com.gt/books?id=ui7ZKBtZQQ0C},
  year={2012},
  publisher={Advanced Marketing s De Rl De Cv}
}

@book{ekman2017rostro,
  title={El rostro de las emociones: C{\'o}mo leer las expresiones faciales para mejorar sus relaciones},
  author={Ekman, P. and Serra, J.J.},
  isbn={9788490568859},
  url={https://books.google.com.gt/books?id=H0TODwAAQBAJ},
  year={2017},
  publisher={RBA Libros}
}
